<record><leader>00000cas a22000007a 4500</leader><controlfield tag="001">15648058</controlfield><controlfield tag="008">870508d1981198upauwr ne      0    0eng d</controlfield><controlfield tag="009">5601</controlfield><datafield ind1=" " ind2=" " tag="010"><subfield code="a">sn 87080213 </subfield></datafield><datafield ind1=" " ind2=" " tag="040"><subfield code="a">NPH</subfield><subfield code="b">eng</subfield><subfield code="c">NPH</subfield></datafield><datafield ind1="1" ind2=" " tag="029"><subfield code="a">AU@</subfield><subfield code="b">000025811582</subfield></datafield><datafield ind1=" " ind2=" " tag="042"><subfield code="a">msc</subfield></datafield><datafield ind1="0" ind2="0" tag="245"><subfield code="a">Press tribune.</subfield></datafield><datafield ind1=" " ind2=" " tag="260"><subfield code="a">[Mountaintop, Pa.] :</subfield><subfield code="b">J. Stephen Buckley,</subfield><subfield code="c">1981-</subfield></datafield><datafield ind1=" " ind2=" " tag="300"><subfield code="a">v. :</subfield><subfield code="b">ill. ;</subfield><subfield code="c">57 cm.</subfield></datafield><datafield ind1=" " ind2=" " tag="310"><subfield code="a">Weekly</subfield></datafield><datafield ind1="0" ind2=" " tag="362"><subfield code="a">Vol. 4, no. 26 (Sept. 30, 1981)-</subfield></datafield><datafield ind1=" " ind2=" " tag="500"><subfield code="a">Published each Wednesday.</subfield></datafield><datafield ind1=" " ind2=" " tag="500"><subfield code="a">Editor: Dave Phillips, Sept. 30, 1981-</subfield></datafield><datafield ind1=" " ind2=" " tag="752"><subfield code="a">United States</subfield><subfield code="b">Pennsylvania</subfield><subfield code="c">Luzerne</subfield><subfield code="d">Mountaintop.</subfield></datafield><datafield ind1="0" ind2="0" tag="780"><subfield code="t">Western Poconos press-tribune</subfield><subfield code="w">(DLC)sn 87080212</subfield></datafield></record>